@misc{webassembly,
  key = "WebAssembly",
  title = {WebAssembly},
  howpublished = {\url{https://webassembly.org}}
}

@misc{dela,
  key = "DELA",
  title = {DEDIS Ledger Architecture},
  howpublished = {\url{https://github.com/dedis/dela}}
}

@misc{bbolt,
  title = {Bbolt: An embedded key/value database for Go.},
  howpublished = {\url{https://github.com/etcd-io/bbolt}}
}

@misc{protobuf,
  key = "Protobuf",
  title = {Protobuf: Reflection-based Protocol Buffers for Go},
  howpublished = {\url{https://github.com/dedis/protobuf}}
}

@misc{byzcoinx,
  key = "ByzCoinX",
  title = {ByzCoinX: improved BFTCoSi},
  howpublished = {\url{https://github.com/dedis/cothority/tree/master/byzcoinx}}
}

@misc{wasmer,
  key = "wasmer",
  title = {Wasmer - The Universal WebAssembly Runtime},
  howpublished = {\url{https://wasmer.io/}}
}

@misc{wasmtime,
  key = "wasmtime",
  title = {Wasmtime - A small and efficient runtime for WebAssembly and WASI},
  howpublished = {\url{https://wasmtime.dev/}}
}

@misc{wavm,
  key = "wavm",
  title = {WAVM - WebAssembly Virtual Machine},
  howpublished = {\url{https://wavm.github.io/}}
}

@misc{wasi,
  key = "wasi",
  title = {WASI - The WebAssembly System Interface},
  howpublished = {\url{https://wasi.dev/}}
}

@misc{announcingwasi,
  key = "announcingwasi",
  title = {Standardizing WASI: A system interface to run WebAssembly outside the web},
  howpublished = {\url{https://hacks.mozilla.org/2019/03/standardizing-wasi-a-webassembly-system-interface/}}
}


@misc{emscripten,
  key = "emscripten",
  title = {Emscripten},
  howpublished = {\url{https://emscripten.org/}}
}

@misc{llvm,
  key = "llvm",
  title = {The LLVM Compiler Infrastructure},
  howpublished = {\url{https://llvm.org/}}
}

@misc{tinygo,
  key = "tinygo",
  title = {TinyGo - A Go Compiler For Small Places},
  howpublished = {\url{https://tinygo.org/}}
}

@misc{kyber,
  key = "kyber",
  title = {DEDIS Advanced Crypto Library for Go
},
  howpublished = {\url{https://github.com/dedis/kyber}}
}

@misc{libsodium,
  key = "libsodium",
  title = {Libsodium},
  howpublished = {\url{https://github.com/jedisct1/libsodium}}
}

@misc{ewasm,
  key = "ewasm",
  title = {Ethereum flavored WebAssembly (ewasm)},
  howpublished = {\url{https://github.com/ewasm}}
}

@misc{nondeterminism,
  key = "nondeterminism",
  title = {Nondeterminism in WebAssembly},
  howpublished = {\url{https://github.com/WebAssembly/design/blob/main/Nondeterminism.md}}
}

@misc{sentinel,
  key = "sentinel",
  title = {Sentinel - Validator and metering injector for Ewasm},
  howpublished = {\url{https://github.com/ewasm/sentinel-rs}}
}



